<?xml version="1.0" encoding="UTF-8"?>
<record xmlns="http://www.loc.gov/MARC21/slim">
   <leader>01201cam a2200205 a 4500</leader>
   <controlfield tag="001">4616903</controlfield>
   <controlfield tag="003">NjP</controlfield>
   <controlfield tag="005">20180629175143.0</controlfield>
   <controlfield tag="008">051108s1911    ua            000 0 ara d</controlfield>
   <datafield tag="024" ind1="7" ind2=" ">
      <subfield code="a">princeton_aco004657</subfield>
      <subfield code="2">local</subfield>
   </datafield>
   <datafield ind1=" " ind2=" " tag="035">
      <subfield code="a">4616903</subfield>
   </datafield>
   <datafield ind1=" " ind2=" " tag="040">
      <subfield code="a">NjP</subfield>
      <subfield code="c">NjP</subfield>
   </datafield>
   <datafield ind1="1" ind2=" " tag="100">
      <subfield code="a">Bayḍāwī, ʻAbd Allāh ibn ʻUmar,</subfield>
      <subfield code="d">-1286?</subfield>
      <subfield code="0">http://id.loc.gov/authorities/names/n82085851</subfield>
   </datafield>
   <datafield ind1="1" ind2="3" tag="245">
      <subfield code="a">al-Juzʼ al-awwal[-al-rābiʻ] min al-tafsīr al-musammá Anwār al-tanzīl wa-asrār al-taʼwīl /</subfield>
      <subfield code="c">taʼlīf Nāṣir al-Dīn Abī Saʻīd ʻAbd Allāh ibn ʻUmar ibn Muḥammad al-Shīrāzī al-Bayḍāwī. Wa-bi-hāmishihi Ḥāshiyat Abī al-Faḍl al-Qurashī al-Ṣiddīqī al-Khaṭīb al-mashhūr bi-al-Kāzarūnī.</subfield>
   </datafield>
   <datafield ind1="1" ind2="0" tag="246">
      <subfield code="a">Tafsīr al-musammá Anwār al-tanzīl wa-asrār al-taʼwīl</subfield>
   </datafield>
   <datafield ind1="1" ind2="0" tag="246">
      <subfield code="a">Anwār al-tanzīl wa-asrār al-taʼwīl</subfield>
   </datafield>
   <datafield ind1=" " ind2=" " tag="260">
      <subfield code="a">Miṣr :</subfield>
      <subfield code="b">Dār al-Kutub al-ʻArabīyah al-Kubrá,</subfield>
      <subfield code="c">[19--?]</subfield>
   </datafield>
   <datafield ind1=" " ind2=" " tag="300">
      <subfield code="a">4 v. in 2 ;</subfield>
      <subfield code="c">30 cm.</subfield>
   </datafield>
   <datafield ind1="0" ind2="0" tag="630">
      <subfield code="a">Qurʼan</subfield>
      <subfield code="v">Commentaries.</subfield>
   </datafield>
   <datafield ind1="1" ind2="2" tag="700">
      <subfield code="a">Kāzarūnī, Muḥammad,</subfield>
      <subfield code="d">d. 1533.</subfield>
      <subfield code="t">Ḥāshiyah ʻalá Anwār al-tanzīl wa-asrār al-taʼwīl.</subfield>
   </datafield>
   <datafield ind1="0" ind2=" " tag="740">
      <subfield code="a">Ḥāshiyah ʻalá Anwār al-tanzīl wa-asrār al-taʼwīl.</subfield>
   </datafield>
   <datafield ind1=" " ind2=" " tag="902">
      <subfield code="a">jab</subfield>
      <subfield code="b">o</subfield>
      <subfield code="6">a</subfield>
      <subfield code="7">m</subfield>
      <subfield code="d">v</subfield>
      <subfield code="f">2</subfield>
      <subfield code="e">20051108</subfield>
   </datafield>
   <datafield ind1="8" ind2=" " tag="852">
      <subfield code="0">4854358</subfield>
      <subfield code="b">rcppa</subfield>
      <subfield code="c">Oversize</subfield>
      <subfield code="h">2273.5863.12 1911q</subfield>
      <subfield code="x">tr fr f</subfield>
   </datafield>
   <datafield ind1=" " ind2="0" tag="866">
      <subfield code="0">4854358</subfield>
      <subfield code="a">Juzʾ 1-juzʾ 4</subfield>
   </datafield>
   <datafield ind1=" " ind2="0" tag="866">
      <subfield code="0">4854358</subfield>
      <subfield code="x">DESIGNATOR: juzʾ</subfield>
   </datafield>
   <datafield ind1=" " ind2=" " tag="959">
      <subfield code="a">2005-11-08 11:29:27 -0500</subfield>
   </datafield>
</record>
